 @article{pumpenscript,
    author = "Andreas Hohenau",
    title = "WÃ¤rmepumpe",
    journal = "Moodle-Unterlagen",
    %volume = 21,
    %year = 2011,
    %pages = "5-6"
 }